<?xml version="1.0" encoding="UTF-8"?>
<collection xmlns:xsi="http://www.w3.org/2001/XMLSchema-instance" xsi:schemaLocation="http://www.loc.gov/MARC21/slim http://www.loc.gov/standards/marcxml/schema/MARC21slim.xsd" xmlns="http://www.loc.gov/MARC21/slim">
<record>
  <leader>00845cam a22002051  4500</leader>
  <controlfield tag="001">2078293</controlfield>
  <controlfield tag="003">NNC</controlfield>
  <controlfield tag="005">20130721181209.0</controlfield>
  <controlfield tag="008">971002s1951    ua            100 0 ara d</controlfield>
  <datafield tag="035" ind1=" " ind2=" ">
    <subfield code="a">(OCoLC)ocm37719587</subfield>
  </datafield>
  <datafield tag="035" ind1=" " ind2=" ">
    <subfield code="9">AMW5259CU</subfield>
  </datafield>
  <datafield tag="035" ind1=" " ind2=" ">
    <subfield code="a">(NNC)2078293</subfield>
  </datafield>
  <datafield tag="040" ind1=" " ind2=" ">
    <subfield code="a">ZCU</subfield>
    <subfield code="c">ZCU</subfield>
  </datafield>
  <datafield tag="099" ind1=" " ind2=" ">
    <subfield code="a">339</subfield>
    <subfield code="a">Un45</subfield>
  </datafield>
  <datafield tag="111" ind1="2" ind2=" ">
    <subfield code="a">United Nations Social Welfare Seminar for Arab States in the Middle East</subfield>
    <subfield code="n">(2nd :</subfield>
    <subfield code="d">November 22-December 14, 1950 :</subfield>
    <subfield code="c">Cairo, Egypt)</subfield>
  </datafield>
  <datafield tag="245" ind1="1" ind2="0">
    <subfield code="a">òHalqat al-Diråasåat al-Ijtimåa°åiya li-al-Duwal al-°Arabåiyah÷</subfield>
    <subfield code="b">a-dawrah al-thåaniyah. al-Muòhåaòdaråat wa-al-buòhåuth wa-al-taqåaråir.</subfield>
  </datafield>
  <datafield tag="260" ind1=" " ind2=" ">
    <subfield code="a">al-Qåahirah :</subfield>
    <subfield code="b">[Maòtba°at al-I°låanåat al-Sharqåiyah,</subfield>
    <subfield code="c">1951?]</subfield>
  </datafield>
  <datafield tag="300" ind1=" " ind2=" ">
    <subfield code="a">544 p.</subfield>
  </datafield>
  <datafield tag="500" ind1=" " ind2=" ">
    <subfield code="a">At head of title: al-Mamlakah al-Miòsråiyah. Wizåarat al-Shu®åun al-Ijtimåa°åiyah.</subfield>
  </datafield>
  <datafield tag="955" ind1=" " ind2=" ">
    <subfield code="b">CU55529208</subfield>
    <subfield code="d">off,glx</subfield>
    <subfield code="e">339 Un45</subfield>
  </datafield>
</record>
</collection>